@inproceedings{nicolas:hal-01932552,
  TITLE = {{Efficient renaming in CRDTs}},
  AUTHOR = {Nicolas, Matthieu},
  URL = {https://hal.inria.fr/hal-01932552},
  BOOKTITLE = {{Middleware 2018 - 19th ACM/IFIP International Middleware Conference (Doctoral Symposium)}},
  ADDRESS = {Rennes, France},
  YEAR = {2018},
  MONTH = Dec,
  PDF = {https://hal.inria.fr/hal-01932552/file/position-paper.pdf},
  HAL_ID = {hal-01932552},
  HAL_VERSION = {v1},
}
